@MANUAL{cppreference,
    title={C++ reference},
    url={https://en.cppreference.com/w/},
}
